@INPROCEEDINGS{misra.squareup.1992,
  author        = {Pradeep Misra},
  title         = {A Computational Algorithm for Squaring-up Part I: Zero Input-Output Matrix},
  booktitle     = {Proceedings of the 31st IEEE Conference on Decision and Control},
  organization  = {IEEE},
  address       = {Tucson, AZ},
  month         = {December},
  year          = {1992},
  pages         = {149-150}
}

@BOOK{lavretskywise.book.2013,
  title         = {Robust and Adaptive Control},
  author        = {Eugene Lavretsky and Kevin A. Wise},
  year          = {2013},
  publisher     = {Springer}
}

@BOOK{antsaklis.linearsystems.2006,
  title         = {Linear systems},
  author        = {Antsaklis, Panos J and Michel, Anthony N},
  year          = {2006},
  publisher     = {Springer}
}

@BOOK{chen.linear.1999,
  title         = {Linear System Theory and Design},
  author        = {Chen, C.T.},
  year          = {1999},
  publisher     = {Oxford University Press}
}

@BOOK{chen.introduction.1970,
  title         = {Introduction to Linear System Theory},
  author        = {Chen, C.T.},
  year          = {1970},
  publisher     = {Holt, Rinehart and Winston}
}

@INPROCEEDINGS{jang.adaptive.2007,
  author        = {Jinho Jang and Anuradha M. Annaswamy and Eugene Lavretsky},
  title         = {Adaptive Flight Control in the Presence of Multiple Actuator Anomalies},
  booktitle     = {American Control Conference},
  organization  = {IEEE},
  address       = {New York, NY},
  month         = {July},
  year          = {2007},
  pages         = {3300-3305}
}

@ARTICLE{dydek.adaptivex15.2010,
  author        = {Zachary T. Dydek and Anuradha M. Annaswamy and Eugene Lavretsky},
  title         = {Adaptive Control and the NASA X-15-3 Flight Revisited},
  journal       = {IEEE Control Systems Magazine},
  volume        = {30},
  number        = {3},
  month         = {June},
  year          = {2010},
  pages         = {32-48}
}

@BOOK{narendra.stable.2005,
  title         = {Stable Adaptive Systems},
  author        = {Kumpati S. Narendra and Anuradha M. Annaswamy},
  series = {Dover Books on Electrical Engineering Series},
  year          = {2005},
  publisher     = {Dover}
}

@BOOK{narendra.frequency.1973,
  title         = {Frequency Domain Criteria for Absolute stability},
  author        = {Kumpati S. Narendra and James H. Taylor},
  series = {Electrical science series},
  year          = {1973},
  publisher     = {Elsevier Science}
}

@INPROCEEDINGS{gibson.adaptive.2008,
  author        = {Travis E. Gibson and Anuradha M. Annaswamy},
  title         = {Adaptive Control of Hypersonic Vehicles in the Presence of Thrust and Actuator Uncertainties},
  booktitle     = {AIAA Guidance, Navigation and Control Conference and Exhibit},
  organization  = {American Institute of Aeronautics and Astronautics},
  address       = {Honolulu, HI},
  month         = {August},
  year          = {2008},
  pages         = {1}
}

@INPROCEEDINGS{matsutani.adaptivegtm.2009,
  author        = {Megumi Matsutani and Travis E. Gibson and Jinho Jang and Luis G. Crespo and Anuradha M. Annaswamy},
  title         = {An Adaptive Control Technology for Safety of a GTM-like Aircraft},
  booktitle     = {American Control Conference},
  organization  = {IEEE},
  address       = {St. Louis, MO},
  year          = {2009},
  month         = {June},
  pages         = {3238-3243}
}

@INPROCEEDINGS{crespo.adaptivegtm.2009,
  author        = {Luis G. Crespo and Megumi Matsutani and Jinho Jang and Travis E. Gibson and Anuradha M. Annaswamy},
  title         = {Design and Verification of an Adaptive Controller for the Generic Transport Model},
  booktitle     = {AIAA Guidance, Navigation, and Control Conference},
  organization  = {AIAA},
  address       = {Chicago, IL},
  month         = {August},
  year          = {2009},
  pages         = {1}
}

@ARTICLE{huang.designspr.1999,
  author        = {C.H. Huang and Petros A. Ioannou and J. Maroulas and Michael G. Safonov},
  title         = {Design of Strictly Positive Real Systems Using Constant Output Feedback},
  journal       = {IEEE Transactions on Automatic Control},
  volume        = {44},
  number        = {3},
  month         = {Mar},
  year          = {1999},
  pages         = {569-573}
}

@ARTICLE{barkana.comments.2004,
  author        = {Itzhak Barkana},
  title         = {Comments on ``Design of Strictly Positive Real Systems Using Constant Output Feedback''},
  journal       = {IEEE Transactions on Automatic Control},
  volume        = {49},
  number        = {11},
  month         = {Nov},
  year          = {2004},
  pages         = {2091-2093}
}

@INPROCEEDINGS{qu.gnc.2013,
  author        = {Zheng Qu and Eugene Lavretsky and Anuradha M. Annaswamy},
  title         = {An Adaptive Controller for Very Flexible Aircraft},
  booktitle     = {AIAA Guidance, Navigation, and Control (GNC) Conference},
  organization  = {AIAA},
  address       = {Boston, MA},
  month         = {August},
  year          = {2013},
  pages         = {1}
}

@INPROCEEDINGS{wise.obltrdesign.2013,
  author        = {Kevin A. Wise and Eugene Lavretsky},
  title         = {Flight Control Design Using Observer-based Loop Transfer Recovery},
  booktitle     = {AIAA Guidance, Navigation, and Control (GNC) Conference},
  organization  = {AIAA},
  address       = {Boston, MA},
  month         = {August},
  year          = {2013},
  pages         = {1}
}

@INPROCEEDINGS{lavretsky.output.2010,
  author        = {Eugene Lavretsky},
  title         = {Adaptive Output Feedback Design Using Asymptotic Properties of LQG / LTR Controllers},
  booktitle     = {AIAA Guidance, Navigation, and Control Conference},
  organization  = {AIAA},
  address       = {Toronto, Ontario, Canada},
  month         = {August},
  year          = {2010},
  pages         = {1}
}

@INPROCEEDINGS{quwiese.ifac.2014,
  author        = {Zheng Qu and Daniel P. Wiese and Anuradha M. Annaswamy and Eugene Lavretsky},
  title         = {Squaring-up Method in the Presence of Transmission Zeros},
  booktitle     = {The 19th World Congress of the International Federation of Automatic Control},
  organization  = {Elsevier},
  address       = {Cape Town, South Africa},
  month         = {August},
  year          = {2014},
  pages         = {4164-4169}
}

@INPROCEEDINGS{wiese.adaptive.2013,
  author        = {Daniel P. Wiese and Anuradha M. Annaswamy and Jonathan A. Muse and Michael A. Bolender},
  title         = {Adaptive Control of a Generic Hypersonic Vehicle},
  booktitle     = {AIAA Guidance, Navigation, and Control (GNC) Conference},
  organization  = {AIAA},
  address       = {Boston, MA},
  month         = {August},
  year          = {2013},
  pages         = {1}
}

@INPROCEEDINGS{rollins.nonlinear.2013,
  author        = {Elizabeth Rollins and John Valasek and Jonathan A. Muse and Michael A. Bolender},
  title         = {Nonlinear Adaptive Dynamic Inversion Applied to a Generic Hypersonic Vehicle},
  booktitle     = {AIAA Guidance, Navigation, and Control (GNC) Conference},
  organization  = {AIAA},
  address       = {Boston, MA},
  month         = {August},
  year          = {2013},
  pages         = {1}
}

@ARTICLE{kouvaritakis.part1.1976,
  author        = {B. Kouvaritakis and A.G.J. MacFarlane},
  title         = {Geometric approach to analysis and synthesis of system zeros Part 1. Square systems},
  journal       = {International Journal of Control},
  volume        = {23},
  number        = {2},
  pages         = {149-166},
  year          = {1976}
}

@ARTICLE{kouvaritakis.part2.1976,
  author        = {B. Kouvaritakis and A.G.J. MacFarlane},
  title         = {Geometric approach to analysis and synthesis of system zeros Part 2. Non-square systems},
  journal       = {International Journal of Control},
  volume        = {23},
  number        = {2},
  pages         = {167-181},
  year          = {1976}
}

@ARTICLE{owens.invariant.1977,
  author        = {D.H. Owens},
  title         = {Invariant zeros of multivariable systems: A geometric analysis},
  journal       = {International Journal of Control},
  volume        = {26},
  number        = {4},
  pages         = {537-548},
  year          = {1977}
}

@BOOK{boyd.lmibook.1994,
  title         = {Linear Matrix Inequalities in System and Control Theory},
  author        = {Stephen P. Boyd and Laurent El Ghaoui and Eric Feron and Venkataramanan Balakrishnan},
  series = {Studies in Applied Mathematics},
  year          = {1994},
  publisher     = {Society for Industrial and Applied Mathematics}
}

@INPROCEEDINGS{gibson.aiaacrm.2012,
  author        = {Travis E. Gibson and Anuradha M. Annaswamy and Eugene Lavretsky},
  title         = {Improved Transient Response in Adaptive Control Using Projection Algorithms and Closed Loop Reference Models},
  booktitle     = {AIAA Guidance, Navigation, and Control Conference},
  organization  = {AIAA},
  address       = {Minneapolis, MN},
  month         = {August},
  year          = {2012},
  pages         = {1}
}

@INPROCEEDINGS{gibson.ecc.2013,
  author        = {Travis E. Gibson and Anuradha M. Annaswamy and Eugene Lavretsky},
  title         = {Closed-loop reference models for output-feedback adaptive systems},
  booktitle     = {European Control Conference (ECC)},
  organization  = {IEEE},
  address       = {Zurich, Switzerland},
  month         = {July},
  year          = {2013},
  pages         = {365-370}
}

@ARTICLE{gibson.ieeeaccess.2013,
  author        = {Travis E. Gibson and Anuradha M. Annaswamy and Eugene Lavretsky},
  title         = {On Adaptive Control With Closed-Loop Reference Models: Transients, Oscillations, and Peaking},
  journal       = {IEEE Access},
  volume        = {1},
  month         = {September},
  year          = {2013},
  pages         = {703-717}
}

@INPROCEEDINGS{gibson.acc.2013,
  author        = {Travis E. Gibson and Anuradha M. Annaswamy and Eugene Lavretsky},
  title         = {Adaptive systems with closed-loop reference-models, part I: Transient performance},
  booktitle     = {American Control Conference},
  organization  = {IEEE},
  address       = {Washington DC},
  month         = {June},
  year          = {2013},
  pages         = {3376-3383}
}

@ARTICLE{singh.prior.1984,
  author        = {R.P. Singh and Kumpati S. Narendra},
  title         = {Prior Information in the Design of Multivariable Adaptive Controllers},
  journal       = {IEEE Transactions on Automatic Control},
  volume        = {29},
  number        = {12},
  month         = {December},
  year          = {1984},
  pages         = {1108-1111}
}

@ARTICLE{tao.multivariable.2014,
  title         = {Multivariable adaptive control: A survey},
  author        = {Tao, Gang},
  journal       = {Automatica},
  volume        = {50},
  number        = {11},
  pages         = {2737--2764},
  year          = {2014},
  publisher     = {Elsevier}
}
